@misc{AnswerWhatBlob2015,
  title = {Answer to "{{What}} Is a Blob {{URL}} and Why It Is Used?"},
  shorttitle = {Answer to "{{What}} Is a Blob {{URL}} and Why It Is Used?},
  year = {2015},
  month = jun,
  journal = {Stack Overflow},
  urldate = {2025-04-17}
}

@article{article,
  title = {A Comparison of Currently Available Optoelectronic Motion Capture Systems},
  author = {Topley, Matt and Richards, James},
  year = {2020},
  month = apr,
  journal = {Journal of Biomechanics},
  volume = {106},
  pages = {109820},
  doi = {10.1016/j.jbiomech.2020.109820}
}

@misc{Base64CratesioRust2024,
  title = {Base64 - Crates.Io: {{Rust Package Registry}}},
  shorttitle = {Base64 - Crates.Io},
  year = {2024},
  month = may,
  urldate = {2025-04-19},
  abstract = {encodes and decodes base64 as bytes or utf8},
  howpublished = {https://crates.io/crates/base64},
  langid = {english}
}

@misc{Bevy_eguiRust,
  title = {Bevy\_egui - {{Rust}}},
  urldate = {2025-04-18},
  howpublished = {https://docs.rs/bevy\_egui/latest/bevy\_egui/}
}

@misc{Bevy_web_file_dropCratesioRust2024,
  title = {Bevy\_web\_file\_drop - Crates.Io: {{Rust Package Registry}}},
  shorttitle = {Bevy\_web\_file\_drop - Crates.Io},
  year = {2024},
  month = aug,
  urldate = {2025-04-17},
  abstract = {Bevy plugin adding better support for drag and drop files in the web.},
  howpublished = {https://crates.io/crates/bevy\_web\_file\_drop},
  langid = {english},
  file = {C:\Users\Ruben\Zotero\storage\P4H46IBR\bevy_web_file_drop.html}
}

@misc{BevyEngine,
  title = {Bevy {{Engine}}},
  urldate = {2025-03-17},
  abstract = {Bevy is a refreshingly simple data-driven game engine built in Rust. It is free and open-source forever!},
  howpublished = {https://bevyengine.org//},
  langid = {english}
}

@misc{BevyLICENSEAPACHEMain,
  title = {Bevy/{{LICENSE-APACHE}} at Main {$\cdot$} Bevyengine/Bevy},
  journal = {GitHub},
  urldate = {2025-04-19},
  abstract = {A refreshingly simple data-driven game engine built in Rust - bevyengine/bevy},
  howpublished = {https://github.com/bevyengine/bevy/blob/main/LICENSE-APACHE},
  langid = {english},
  file = {C:\Users\Ruben\Zotero\storage\GIQYX4YY\LICENSE-APACHE.html}
}

@misc{BevywebsiteLICENSEMain,
  title = {Bevy-Website/{{LICENSE}} at Main {$\cdot$} Bevyengine/Bevy-Website},
  journal = {GitHub},
  urldate = {2025-04-19},
  abstract = {The source files for the official Bevy website. Contribute to bevyengine/bevy-website development by creating an account on GitHub.},
  howpublished = {https://github.com/bevyengine/bevy-website/blob/main/LICENSE},
  langid = {english},
  file = {C:\Users\Ruben\Zotero\storage\TIFAR53J\LICENSE.html}
}

@misc{BiomechanicsfoundationBevy_c3d2024,
  title = {Biomechanics-Foundation/Bevy\_c3d},
  year = {2024},
  month = nov,
  urldate = {2025-04-19},
  abstract = {A .c3d motion capture asset loader plugin for the Bevy engine},
  copyright = {Apache-2.0},
  howpublished = {Biomechanics Foundation},
  keywords = {bevy,bevy-engine,bevy-plugin,biomechanics,c3d}
}

@misc{Bridge,
  title = {Bridge},
  journal = {Moveck},
  urldate = {2025-03-17},
  abstract = {Bridge is designed for effortless handling of massive data processing.},
  langid = {american}
}

@misc{BuildCrossplatformDesktop,
  title = {Build Cross-Platform Desktop Apps with {{JavaScript}}, {{HTML}}, and {{CSS}} {\textbar} {{Electron}}},
  urldate = {2025-03-16},
  abstract = {Build cross-platform desktop apps with JavaScript, HTML, and CSS},
  howpublished = {https://electronjs.org/},
  langid = {english}
}

@misc{C3dioRust,
  title = {C3dio - {{Rust}}},
  urldate = {2025-04-19},
  howpublished = {https://docs.rs/c3dio/latest/c3dio/}
}

@misc{C3DORGBiomechanicsStandard,
  title = {{{C3D}}.{{ORG}} - {{The}} Biomechanics Standard File Format},
  urldate = {2025-03-16},
  howpublished = {https://www.c3d.org/},
  file = {C:\Users\Ruben\Zotero\storage\DEF6HM2E\www.c3d.org.html}
}

@misc{ECMA404,
  title = {{{ECMA-404}}},
  journal = {Ecma International},
  urldate = {2025-04-19},
  abstract = {The JSON data interchange syntax - JSON defines a small set of structuring rules for the portable representation of structured data},
  langid = {american}
}

@misc{EmbodiedCognitionPyc3d2025,
  title = {{{EmbodiedCognition}}/Py-C3d},
  year = {2025},
  month = mar,
  urldate = {2025-04-19},
  abstract = {Read \& write C3D mocap files},
  copyright = {MIT},
  howpublished = {Embodied Cognition Lab @ UT Austin}
}

@misc{ernerfeldtEmilkEgui_plot2025,
  title = {Emilk/Egui\_plot},
  author = {Ernerfeldt, Emil},
  year = {2025},
  month = apr,
  urldate = {2025-04-18},
  abstract = {2D plotting library in Rust for egui},
  copyright = {Apache-2.0}
}

@misc{ernerfeldtEmilkEgui2025,
  title = {Emilk/Egui},
  author = {Ernerfeldt, Emil},
  year = {2025},
  month = apr,
  urldate = {2025-04-18},
  abstract = {egui: an easy-to-use immediate mode GUI in Rust that runs on both web and native},
  copyright = {Apache-2.0},
  keywords = {egui,game-development,gamedev,gui,imgui,rust,wasm}
}

@misc{EventsBevyPrelude,
  title = {Events in Bevy::Prelude - {{Rust}}},
  urldate = {2025-04-18},
  howpublished = {https://docs.rs/bevy/latest/bevy/prelude/struct.Events.html}
}

@misc{EventsUnofficialBevy,
  title = {Events - {{Unofficial Bevy Cheat Book}}},
  urldate = {2025-04-18},
  howpublished = {https://bevy-cheatbook.github.io/programming/events.html}
}

@misc{FacultadCienciasActividad,
  title = {Facultad de {{Ciencias}} de La {{Actividad F{\'i}sica}} y Del {{Deporte}}},
  urldate = {2025-03-16},
  howpublished = {https://www.inef.upm.es/Facultad/Laboratorios/LaboratorioBiomecanica},
  file = {C:\Users\Ruben\Zotero\storage\8FY57LP3\LaboratorioBiomecanica.html}
}

@misc{february2024YAMLBasicsKubernetes,
  title = {{{YAML}} Basics in {{Kubernetes}}},
  author = {February 2024, 26},
  journal = {IBM Developer},
  urldate = {2025-04-19},
  abstract = {IBM Developer is your one-stop location for getting hands-on training and learning in-demand skills on relevant technologies such as generative AI, data science, AI, and open source.},
  howpublished = {https://developer.ibm.com/tutorials/yaml-basics-and-usage-in-kubernetes/},
  file = {C:\Users\Ruben\Zotero\storage\BHSLDQ3C\yaml-basics-and-usage-in-kubernetes.html}
}

@misc{FicheroDockercomposeyml,
  title = {El Fichero Docker-Compose.Yml},
  journal = {Docker},
  urldate = {2025-04-19},
  abstract = {Curso ``Introducci{\'o}n a docker'' para el CEP de Zafra - Abril 2021},
  howpublished = {https://iesgn.github.io/curso\_docker\_2021/sesion5/docker-compose.html},
  langid = {american},
  file = {C:\Users\Ruben\Zotero\storage\4VP5BUQL\docker-compose.html}
}

@misc{FileAPI,
  title = {File {{API}}},
  urldate = {2025-04-17},
  howpublished = {https://w3c.github.io/FileAPI/\#DefinitionOfScheme}
}

@misc{ForksKayhhhBevy_blob_loader,
  title = {Forks {$\cdot$} Kayhhh/Bevy\_blob\_loader},
  urldate = {2025-04-19},
  howpublished = {https://github.com/kayhhh/bevy\_blob\_loader/forks},
  file = {C:\Users\Ruben\Zotero\storage\6G3AEFNG\forks.html}
}

@misc{GliumGlium2025,
  title = {Glium/Glium},
  year = {2025},
  month = mar,
  urldate = {2025-03-17},
  abstract = {Safe OpenGL wrapper for the Rust language.},
  copyright = {Apache-2.0},
  howpublished = {glium},
  keywords = {opengl,rust}
}

@article{GolfSwing2025,
  title = {Golf Swing},
  year = {2025},
  month = feb,
  journal = {Wikipedia},
  urldate = {2025-03-17},
  abstract = {The golf swing is the action by which players hit the ball in the sport of golf. The golf swing is a complex motion involving the whole body; the technicalities of the swing are known as golf stroke mechanics. There are differing opinions on what constitutes a "good" golf swing. In Work and Power Analysis of the Golf Swing, Nesbit and Serrano suggest the golf swing has been studied by scientists and mathematicians who have developed various equations to help explain the complexity of the swing. It is generally agreed that a successful and consistent golf swing requires precise timing and mechanics, from the grip and position of one's fingers, to the position and movement of the feet. At any moment of the swing, whether back-swing, downswing, or upswing, something can go wrong that will throw off the whole body and result in a mishit. The entire swing motion should move on a plane in a fluid manner. The plane can be characterized as horizontal or vertical.},
  copyright = {Creative Commons Attribution-ShareAlike License},
  langid = {english},
  annotation = {Page Version ID: 1276585398}
}

@misc{hacknusHacknusEgui_double_slider2025,
  title = {Hacknus/Egui\_double\_slider},
  author = {{hacknus}},
  year = {2025},
  month = mar,
  urldate = {2025-04-18},
  abstract = {A double slider widget for egui.},
  copyright = {Apache-2.0}
}

@misc{InteractiveResults,
  title = {Interactive {{Results}}},
  urldate = {2025-03-16},
  howpublished = {https://krausest.github.io/js-framework-benchmark/current.html}
}

@misc{IntroductionWasmbindgenGuide,
  title = {Introduction - {{The}} `wasm-Bindgen` {{Guide}}},
  urldate = {2025-04-18},
  howpublished = {https://rustwasm.github.io/wasm-bindgen/},
  file = {C:\Users\Ruben\Zotero\storage\GKM27YPJ\wasm-bindgen.html}
}

@misc{JssysCratesioRust2025,
  title = {Js-Sys - Crates.Io: {{Rust Package Registry}}},
  shorttitle = {Js-Sys - Crates.Io},
  year = {2025},
  month = jan,
  urldate = {2025-04-19},
  abstract = {Bindings for all JS global objects and functions in all JS environments like Node.js and browsers, built on `\#[wasm\_bindgen]` using the `wasm-bindgen` crate.},
  howpublished = {https://crates.io/crates/js-sys},
  langid = {english}
}

@misc{kayhKayhhhBevy_blob_loader2024,
  title = {Kayhhh/Bevy\_blob\_loader},
  author = {{kayh}},
  year = {2024},
  month = dec,
  urldate = {2025-04-19},
  abstract = {Bevy plugin for loading assets from JavaScript blob URLs.},
  copyright = {Apache-2.0},
  keywords = {bevy,blob,javascript}
}

@misc{kayhKayhhhBevy_blob_loader2024a,
  title = {Kayhhh/Bevy\_blob\_loader},
  author = {{kayh}},
  year = {2024},
  month = dec,
  urldate = {2025-04-19},
  abstract = {Bevy plugin for loading assets from JavaScript blob URLs.},
  copyright = {Apache-2.0},
  keywords = {bevy,blob,javascript}
}

@misc{kayhKayhhhBevy_web_file_drop2024,
  title = {Kayhhh/Bevy\_web\_file\_drop},
  author = {{kayh}},
  year = {2024},
  month = oct,
  urldate = {2025-04-19},
  abstract = {Bevy plugin adding better support for drag and drop files in the web.},
  copyright = {Apache-2.0},
  keywords = {bevy,drag-and-drop,files,web}
}

@misc{ludvigsen10MostEnergy2022,
  title = {The 10 Most Energy Efficient Programming Languages},
  author = {Ludvigsen, Kasper Groes Albin},
  year = {2022},
  month = dec,
  journal = {Medium},
  urldate = {2025-03-16},
  abstract = {In a survey of the energy efficiency of 27 programming languages, C tops the list, and Python was the second most inefficient.},
  langid = {english}
}

@misc{MemoryManagementJavaScript2025,
  title = {Memory Management - {{JavaScript}} {\textbar} {{MDN}}},
  year = {2025},
  month = mar,
  urldate = {2025-03-16},
  abstract = {Low-level languages like C, have manual memory management primitives such as malloc() and free(). In contrast, JavaScript automatically allocates memory when objects are created and frees it when they are not used anymore (garbage collection). This automaticity is a potential source of confusion: it can give developers the false impression that they don't need to worry about memory management.},
  howpublished = {https://developer.mozilla.org/en-US/docs/Web/JavaScript/Guide/Memory\_management},
  langid = {american}
}

@misc{ODSObjetivosDesarrollo,
  title = {{ODS Objetivos de Desarrollo Sostenible {\textbar} Pacto Mundial ONU}},
  journal = {Pacto Mundial},
  urldate = {2025-04-19},
  abstract = {Los Objetivos de Desarrollo Sostenible (ODS) de la Agenda 2030 de la ONU son un plan de acci{\'o}n para transformar el mundo.},
  langid = {spanish},
  file = {C:\Users\Ruben\Zotero\storage\VDQBVWJL\ods.html}
}

@misc{PackagesCratesRust,
  title = {Packages and {{Crates}} - {{The Rust Programming Language}}},
  urldate = {2025-03-16},
  howpublished = {https://doc.rust-lang.org/book/ch07-01-packages-and-crates.html},
  file = {C:\Users\Ruben\Zotero\storage\CZQK3CD4\ch07-01-packages-and-crates.html}
}

@misc{pengMultithreadingJavascript2017,
  title = {Multithreading {{Javascript}}},
  author = {Peng, Max},
  year = {2017},
  month = sep,
  journal = {Hackmamba},
  urldate = {2025-03-16},
  abstract = {A Look Into Web Workers},
  langid = {english}
}

@misc{PistonModularOpen,
  title = {Piston - a Modular Open Source Game Engine Written in {{Rust}}},
  urldate = {2025-03-17},
  howpublished = {https://www.piston.rs/},
  file = {C:\Users\Ruben\Zotero\storage\IB454B7T\www.piston.rs.html}
}

@misc{prdevingDeepdivingEntityComponent2023,
  title = {Deep-Diving into {{Entity Component System}} ({{ECS}}) {{Architecture}} and {{Data Oriented Programming}}},
  author = {PRDeving, Author},
  year = {2023},
  month = dec,
  journal = {PRDeving},
  urldate = {2025-04-19},
  abstract = {Some years ago I wrote the first article about ECS, at that time, in a comment, someone suggested that my solution was closer to a standard CS than to a real ECS.Unfortunately for me, that anonymou{\dots}},
  langid = {english}
}

@misc{ProjectBiomechanicalToolKit,
  title = {The Project {{Biomechanical ToolKit}} Revamped by the {{Moveck}} Company!},
  urldate = {2025-03-17},
  howpublished = {https://biomechanical-toolkit.github.io/news/2024/09/11/btk-project-revamped-by-the-moveck-company/},
  file = {C:\Users\Ruben\Zotero\storage\9EQGFDHW\btk-project-revamped-by-the-moveck-company.html}
}

@misc{PyomecaEzc3d2025,
  title = {Pyomeca/Ezc3d},
  year = {2025},
  month = mar,
  urldate = {2025-04-19},
  abstract = {Easy to use C3D reader/writer for C++, Python and Matlab},
  copyright = {MIT},
  howpublished = {pyomeca}
}

@misc{QtGTKVideoLAN,
  title = {Qt and {{GTK}} - {{VideoLAN Wiki}}},
  urldate = {2025-04-18},
  howpublished = {https://wiki.videolan.org/Qt\_and\_GTK/},
  file = {C:\Users\Ruben\Zotero\storage\CWR6TT7E\Qt_and_GTK.html}
}

@misc{RegexRust,
  title = {Regex - {{Rust}}},
  urldate = {2025-04-19},
  howpublished = {https://docs.rs/regex/latest/regex/}
}

@misc{Resources,
  title = {Resources},
  urldate = {2025-04-19},
  abstract = {Bevy is a refreshingly simple data-driven game engine built in Rust. It is free and open-source forever!},
  howpublished = {https://bevyengine.org//learn/quick-start/getting-started/resources/},
  langid = {english}
}

@misc{ResourcesUnofficialBevy,
  title = {Resources - {{Unofficial Bevy Cheat Book}}},
  urldate = {2025-04-19},
  howpublished = {https://bevy-cheatbook.github.io/programming/res.html}
}

@misc{RustProgrammingLanguage,
  title = {Rust {{Programming Language}}},
  urldate = {2025-03-16},
  abstract = {A language empowering everyone to build reliable and efficient software.},
  howpublished = {https://www.rust-lang.org/},
  langid = {american}
}

@misc{RustwasmWasmbindgen2025,
  title = {Rustwasm/Wasm-Bindgen},
  year = {2025},
  month = apr,
  urldate = {2025-04-19},
  abstract = {Facilitating high-level interactions between Wasm modules and JavaScript},
  copyright = {Apache-2.0},
  howpublished = {Rust and WebAssembly},
  keywords = {binding-generator,javascript,rust,rust-wasm,wasm}
}

@misc{RustwindowingWinit2025,
  title = {Rust-Windowing/Winit},
  year = {2025},
  month = apr,
  urldate = {2025-04-19},
  abstract = {Window handling library in pure Rust},
  copyright = {Apache-2.0},
  howpublished = {Rust Windowing},
  keywords = {android,gui,ios,macos,rust,rust-lang,wasm,wayland,windowing,windows,x11}
}

@misc{samTop10Fastest2024,
  title = {Top 10 {{Fastest Programming Languages In}} 2024},
  author = {Sam},
  year = {2024},
  month = dec,
  journal = {Medium},
  urldate = {2025-03-16},
  abstract = {Discover the Top 10 Fastest Programming Languages In 2024 for optimal code speed and efficiency. Stay ahead in tech},
  langid = {english}
}

@misc{SerdeCratesioRust2025,
  title = {Serde - Crates.Io: {{Rust Package Registry}}},
  shorttitle = {Serde - Crates.Io},
  year = {2025},
  month = mar,
  urldate = {2025-04-19},
  abstract = {A generic serialization/deserialization framework},
  howpublished = {https://crates.io/crates/serde},
  langid = {english}
}

@misc{SistemaComponentesEntidad2024,
  title = {{Sistema de componentes de entidad}},
  year = {2024},
  month = aug,
  urldate = {2025-04-18},
  abstract = {Entidad-componente-sistema (ECS) es un patr{\'o}n arquitect{\'o}nico. Este patr{\'o}n se utiliza ampliamente en el desarrollo de aplicaciones de juegos. ECS sigue el principio de composici{\'o}n sobre el de herencia, lo que ofrece una mayor flexibilidad y ayuda a identificar entidades donde todos los objetos en la escena de un juego se consideran una entidad.},
  howpublished = {https://www.guru99.com/es/entity-component-system.html},
  langid = {spanish}
}

@misc{SlowestProgrammingLanguages2020,
  title = {The Slowest Programming Languages},
  year = {2020},
  month = dec,
  journal = {OS-WD},
  urldate = {2025-03-16},
  abstract = {There are currently about 700 known programming languages in the world, with only 250 in use. Where once task times could be measured in days, they are now fractions of seconds. Here are some of{\dots}},
  langid = {american}
}

@misc{srinetChromeV8Firefox2022,
  title = {Chrome {{V8}} \& {{Firefox SpiderMonkey}}},
  author = {Srinet, Prakhar},
  year = {2022},
  month = nov,
  journal = {Medium},
  urldate = {2025-03-16},
  abstract = {Understanding Browser Fundamentals},
  langid = {english}
}

@misc{taiQueEsMotion2024,
  title = {{{\textquestiondown}Qu{\'e} es el motion capture y c{\'o}mo funciona?}},
  author = {TAI},
  year = {2024},
  month = oct,
  journal = {TAI ARTS},
  urldate = {2025-03-16},
  abstract = {El motion capture o captura de movimiento es una t{\'e}cnica revolucionaria en la creaci{\'o}n de animaciones digitalesEl motion capture o captura de movimiento},
  langid = {spanish},
  file = {C:\Users\Ruben\Zotero\storage\MK4XUKXF\motion-capture.html}
}

@misc{Theqtstory,
  title = {The-Qt-Story},
  urldate = {2025-04-18},
  howpublished = {https://rtime.felk.cvut.cz/osp/prednasky/gui/the-qt-story/},
  file = {C:\Users\Ruben\Zotero\storage\38HCS2YL\the-qt-story.html}
}

@misc{TIOBEIndex,
  title = {{{TIOBE Index}}},
  journal = {TIOBE},
  urldate = {2025-03-16},
  howpublished = {https://www.tiobe.com/tiobe-index/},
  langid = {american}
}

@misc{TomlCratesioRust2025,
  title = {Toml - Crates.Io: {{Rust Package Registry}}},
  shorttitle = {Toml - Crates.Io},
  year = {2025},
  month = feb,
  urldate = {2025-04-19},
  abstract = {A native Rust encoder and decoder of TOML-formatted files and streams. Provides implementations of the standard Serialize/Deserialize traits for TOML data to facilitate deserializing and serializing Rust structures.},
  howpublished = {https://crates.io/crates/toml},
  langid = {english}
}

@misc{TOMLEnglishV100,
  title = {{{TOML}}: {{English}} v1.0.0},
  urldate = {2025-04-19},
  howpublished = {https://toml.io/en/v1.0.0}
}

@misc{TOMLTomsObvious,
  title = {{{TOML}}: {{Tom}}'s {{Obvious Minimal Language}}},
  urldate = {2025-04-19},
  howpublished = {https://toml.io/en/}
}

@misc{VisibilityBevyRender,
  title = {Visibility in Bevy::Render::View::Visibility - {{Rust}}},
  urldate = {2025-04-18},
  howpublished = {https://docs.rs/bevy/latest/bevy/render/view/visibility/enum.Visibility.html},
  file = {C:\Users\Ruben\Zotero\storage\G6PXU6VN\enum.Visibility.html}
}

@misc{WebAssembly,
  title = {{{WebAssembly}}},
  urldate = {2025-03-16},
  abstract = {A language empowering everyone to build reliable and efficient software.},
  howpublished = {https://www.rust-lang.org/what/wasm},
  langid = {american}
}

@misc{WgpuPortableGraphics,
  title = {Wgpu: Portable Graphics Library for {{Rust}}},
  urldate = {2025-03-17},
  howpublished = {https://wgpu.rs/}
}

@misc{YAMLAintMarkup,
  title = {{{YAML Ain}}'t {{Markup Language}} ({{YAML}}™) Revision 1.2.2},
  urldate = {2025-04-19},
  howpublished = {https://yaml.org/spec/1.2.2/}
}

@misc{zaksWhenNotUse2018,
  title = {When Not to Use {{ECS}} ({{Entity Component System}})?},
  author = {Zaks, Maxim},
  year = {2018},
  month = jan,
  journal = {HackerNoon.com},
  urldate = {2025-04-18},
  abstract = {I just watch an excellent talk by Kirill Nadezhdin about ECS for game development. The talk is in Russian, it should get english subtitles{\dots}},
  langid = {english}
}

@misc{zotero-253,
  urldate = {2025-03-16},
  howpublished = {https://goodmanwen.github.io/Programming-Language-Benchmarks-Visualization/},
  file = {C:\Users\Ruben\Zotero\storage\M7E6QG3W\Programming-Language-Benchmarks-Visualization.html}
}
